<record xmlns="http://www.loc.gov/MARC21/slim">
   <leader>02216cam a2200445 a 4500</leader>
   <controlfield tag="001">1295882</controlfield>
   <controlfield tag="008">900703s1985    onc      sb  f    0 eng d</controlfield>
   <datafield ind1=" " ind2=" " tag="016">
      <subfield code="a">86070288X</subfield>
   </datafield>
   <datafield ind1=" " ind2=" " tag="035">
      <subfield code="a">ocm16033192</subfield>
   </datafield>
   <datafield ind1=" " ind2=" " tag="037">
      <subfield code="a">QS-3386-000-EE-A1</subfield>
   </datafield>
   <datafield ind1=" " ind2=" " tag="040">
      <subfield code="a">CaOOP</subfield>
      <subfield code="b">eng</subfield>
      <subfield code="c">CaOOP</subfield>
      <subfield code="d">CaOONL</subfield>
      <subfield code="d">BViV</subfield>
   </datafield>
   <datafield ind1=" " ind2=" " tag="043">
      <subfield code="a">n-cn---</subfield>
   </datafield>
   <datafield ind1=" " ind2=" " tag="045">
      <subfield code="a">x8x9</subfield>
   </datafield>
   <datafield ind1=" " ind2=" " tag="049">
      <subfield code="a">AEU</subfield>
      <subfield code="b">eng</subfield>
   </datafield>
   <datafield ind1=" " ind2="4" tag="050">
      <subfield code="a">E78.C2</subfield>
      <subfield code="b">R687</subfield>
   </datafield>
   <datafield ind1=" " ind2="0" tag="055">
      <subfield code="a">COP.CA.2.1985-2692</subfield>
   </datafield>
   <datafield ind1="2" ind2=" " tag="086">
      <subfield code="a">R32-136/1985</subfield>
   </datafield>
   <datafield ind1="0" ind2=" " tag="090">
      <subfield code="a">GOV DOC CA1 R 32-136/ 1985</subfield>
      <subfield code="b">AEU</subfield>
   </datafield>
   <datafield ind1=" " ind2=" " tag="090">
      <subfield code="a">E 78 C2 R878 1985</subfield>
      <subfield code="b">AEU</subfield>
   </datafield>
   <datafield ind1="1" ind2=" " tag="100">
      <subfield code="a">Rowe, G.</subfield>
   </datafield>
   <datafield ind1="1" ind2="0" tag="245">
      <subfield code="a">Mortality projections of registered Indians, 1982 to 1996 /</subfield>
      <subfield code="c">by G. Rowe and M.J. Norris ; Population Projections Section, Demography Division, Statistics Canada for Research Branch, Corporate Policy, Indian and Northern Affairs Canada.</subfield>
   </datafield>
   <datafield ind1=" " ind2=" " tag="260">
      <subfield code="a">Ottawa :</subfield>
      <subfield code="b">Indian and Northern Affairs Canada,</subfield>
      <subfield code="c">1985.</subfield>
   </datafield>
   <datafield ind1=" " ind2=" " tag="300">
      <subfield code="a">x, 65 p. ;</subfield>
      <subfield code="c">28 cm.</subfield>
   </datafield>
   <datafield ind1=" " ind2=" " tag="336">
      <subfield code="a">text</subfield>
      <subfield code="b">txt</subfield>
      <subfield code="2">rdacontent</subfield>
   </datafield>
   <datafield ind1=" " ind2=" " tag="337">
      <subfield code="a">unmediated</subfield>
      <subfield code="b">n</subfield>
      <subfield code="2">rdamedia</subfield>
   </datafield>
   <datafield ind1=" " ind2=" " tag="338">
      <subfield code="a">volume</subfield>
      <subfield code="b">nc</subfield>
      <subfield code="2">rdacarrier</subfield>
   </datafield>
   <datafield ind1=" " ind2=" " tag="500">
      <subfield code="a">"QS-3386-OOO-EE-A1."--t.p. verso</subfield>
   </datafield>
   <datafield ind1=" " ind2=" " tag="504">
      <subfield code="a">Bibliography: p. 43.</subfield>
   </datafield>
   <datafield ind1=" " ind2=" " tag="520">
      <subfield code="a">Detailed information on the mortality component of the population projections of registered Indians. Includes the main aspects of data quality and adjustment, mortality trends, life table estimation, projection assumptions and results. Includes data for NWT and Yukon.</subfield>
   </datafield>
   <datafield ind1=" " ind2=" " tag="596">
      <subfield code="a">38 48</subfield>
   </datafield>
   <datafield ind1=" " ind2="0" tag="650">
      <subfield code="a">Indians of North America</subfield>
      <subfield code="z">Canada</subfield>
      <subfield code="x">Mortality</subfield>
      <subfield code="v">Statistics.</subfield>
   </datafield>
   <datafield ind1=" " ind2="0" tag="650">
      <subfield code="a">Indians of North America</subfield>
      <subfield code="z">Canada</subfield>
      <subfield code="v">Statistics, Vital.</subfield>
   </datafield>
   <datafield ind1=" " ind2="0" tag="650">
      <subfield code="a">Mortality</subfield>
      <subfield code="z">Canada</subfield>
      <subfield code="v">Statistics.</subfield>
   </datafield>
   <datafield ind1="1" ind2=" " tag="700">
      <subfield code="a">Norris, M. J.</subfield>
   </datafield>
   <datafield ind1="2" ind2=" " tag="710">
      <subfield code="a">Statistics Canada.</subfield>
   </datafield>
   <datafield ind1="1" ind2=" " tag="710">
      <subfield code="a">Canada.</subfield>
      <subfield code="b">Indian and Northern Affairs Canada.</subfield>
      <subfield code="b">Corporate Policy.</subfield>
      <subfield code="b">Research Branch.</subfield>
   </datafield>
   <datafield ind1="1" ind2=" " tag="710">
      <subfield code="a">Canada.</subfield>
      <subfield code="b">Dept. of Indian Affairs and Northern Development.</subfield>
   </datafield>
   <datafield ind1=" " ind2=" " tag="926">
      <subfield code="a">E 78 C2 R878 1985</subfield>
      <subfield code="w">LC</subfield>
      <subfield code="c">1</subfield>
      <subfield code="i">0162001371481</subfield>
      <subfield code="d">11/30/2004</subfield>
      <subfield code="e">11/27/2004</subfield>
      <subfield code="l">POLAR</subfield>
      <subfield code="m">UASCITECH</subfield>
      <subfield code="n">10</subfield>
      <subfield code="p">$150.00</subfield>
      <subfield code="r">Y</subfield>
      <subfield code="s">Y</subfield>
      <subfield code="t">BOOK</subfield>
      <subfield code="u">7/20/1994</subfield>
   </datafield>
   <datafield ind1=" " ind2=" " tag="926">
      <subfield code="a">GOV DOC CA1 R 32-136/ 1985</subfield>
      <subfield code="w">LC</subfield>
      <subfield code="c">1</subfield>
      <subfield code="i">000032961427</subfield>
      <subfield code="l">ON_SHELF</subfield>
      <subfield code="m">UABARD</subfield>
      <subfield code="p">$150.00</subfield>
      <subfield code="r">Y</subfield>
      <subfield code="s">Y</subfield>
      <subfield code="t">BOOK</subfield>
      <subfield code="u">7/10/1990</subfield>
      <subfield code="o">.STAFF. B0038124</subfield>
   </datafield>
   <datafield ind1=" " ind2=" " tag="926">
      <subfield code="a">GOV DOC CA1 R 32-136/ 1985</subfield>
      <subfield code="w">LC</subfield>
      <subfield code="c">2</subfield>
      <subfield code="i">0162004212575</subfield>
      <subfield code="d">11/4/2002</subfield>
      <subfield code="l">ON_SHELF</subfield>
      <subfield code="m">UABARD</subfield>
      <subfield code="n">2</subfield>
      <subfield code="p">$150.00</subfield>
      <subfield code="r">Y</subfield>
      <subfield code="s">Y</subfield>
      <subfield code="t">BOOK</subfield>
      <subfield code="u">2/14/1996</subfield>
      <subfield code="o">.STAFF. B0038598</subfield>
   </datafield>
</record>
